@Online{lambda-pdg,
    Title                    = {CHARMED BARYONS \(\Lambda_c^+\)},
    Author                   = {C. Patrignani et al.(Particle Data Group)},

    Url                      = {http://pdglive.lbl.gov/Particle.action?node=S033&init=},
    Year                     = {2016},
    Urldate                  = {2017-03-09},
}

@Online{ckm,
    Title                    = {THE CKM QUARK-MIXING MATRIX},
    Author                   = { A. Ceccucci (CERN) and Z. Ligeti (LBNL) and Y. Sakai (KEK)},

    Url                      = {http://pdg.lbl.gov/2016/reviews/rpp2016-rev-ckm-matrix.pdf},
    Year                     = {2016},
    Urldate                  = {2017-03-27},
}

@article{diploma,
    Title                   = {Simulation of hadron decays in SHERPA},
    Author                  = {Frank Siegert},
    Year                    = {2007},
}

@article{Frank,
      author         = "Pervin, Muslema and Roberts, Winston and Capstick, Simon",
      title          = "{Semileptonic decays of heavy lambda baryons in a quark
                        model}",
      journal        = "Phys. Rev.",
      volume         = "C72",
      year           = "2005",
      pages          = "035201",
      doi            = "10.1103/PhysRevC.72.035201",
      eprint         = "nucl-th/0503030",
      archivePrefix  = "arXiv",
      primaryClass   = "nucl-th",
      reportNumber   = "JLAB-THY-05-304",
      SLACcitation   = "%%CITATION = NUCL-TH/0503030;%%"
}

@article{CCQM_L,
      author         = "Gutsche, Thomas and Ivanov, Mikhail A. and Korner,
                        Jürgen G. and Lyubovitskij, Valery E. and Santorelli,
                        Pietro",
      title          = "{Semileptonic decays $\Lambda_c^+ \to \Lambda \ell^+
                        \nu_\ell\,\,(\ell=e,\mu)$ in the covariant quark model and
                        comparison with the new absolute branching fraction
                        measurements of Belle and BESIII}",
      journal        = "Phys. Rev.",
      volume         = "D93",
      year           = "2016",
      number         = "3",
      pages          = "034008",
      doi            = "10.1103/PhysRevD.93.034008",
      eprint         = "1512.02168",
      archivePrefix  = "arXiv",
      primaryClass   = "hep-ph",
      reportNumber   = "MITP-15-109-(MAINZ)",
      SLACcitation   = "%%CITATION = ARXIV:1512.02168;%%"
}

@article{NRQM,
      author         = "Hussain, Md Mozammel and Roberts, Winston",
      title          = "{$\Lambda_c$ Semileptonic Decays in a Quark Model}",
      journal        = "Phys. Rev.",
      volume         = "D95",
      year           = "2017",
      number         = "5",
      pages          = "053005",
      doi            = "10.1103/PhysRevD.95.099901, 10.1103/PhysRevD.95.053005",
      note           = "[Addendum: Phys. Rev.D95,no.9,099901(2017)]",
      eprint         = "1701.03876",
      archivePrefix  = "arXiv",
      primaryClass   = "nucl-th",
      SLACcitation   = "%%CITATION = ARXIV:1701.03876;%%"
}

@article{LCSR,
      author         = "Huang, Ming-Qiu and Wang, Dao-Wei",
      title          = "{Semileptonic decay Lambda(c) ---> Lambda l+ nu from QCD
                        light-cone sum rules}",
      year           = "2006",
      eprint         = "hep-ph/0608170",
      archivePrefix  = "arXiv",
      primaryClass   = "hep-ph",
      SLACcitation   = "%%CITATION = HEP-PH/0608170;%%"
}

@article{CCQM_N,
      author         = "Gutsche, Thomas and Ivanov, Mikhail A. and Körner,
                        Jürgen G. and Lyubovitskij, Valery E. and Santorelli,
                        Pietro",
      title          = "{Heavy-to-light semileptonic decays of $\Lambda_b$ and
                        $\Lambda_c$ baryons in the covariant confined quark
                        model}",
      journal        = "Phys. Rev.",
      volume         = "D90",
      year           = "2014",
      number         = "11",
      pages          = "114033",
      doi            = "10.1103/PhysRevD.90.114033, 10.1103/PhysRevD.94.059902",
      note           = "[Erratum: Phys. Rev.D94,no.5,059902(2016)]",
      eprint         = "1410.6043",
      archivePrefix  = "arXiv",
      primaryClass   = "hep-ph",
      reportNumber   = "DSF-2014-2, MITP-14-080",
      SLACcitation   = "%%CITATION = ARXIV:1410.6043;%%"
}

@article{RQM,
      author         = "Faustov, R. N. and Galkin, V. O.",
      title          = "{Semileptonic decays of $\Lambda _c$ baryons in the
                        relativistic quark model}",
      journal        = "Eur. Phys. J.",
      volume         = "C76",
      year           = "2016",
      number         = "11",
      pages          = "628",
      doi            = "10.1140/epjc/s10052-016-4492-z",
      eprint         = "1610.00957",
      archivePrefix  = "arXiv",
      primaryClass   = "hep-ph",
      SLACcitation   = "%%CITATION = ARXIV:1610.00957;%%"
}

@article{QCDSR,
  title = {Form factors and decay rates for heavy $\ensuremath{\Lambda}$ semileptonic decays from QCD sum rules},
  author = {Marques de Carvalho, R. S. and Navarra, F. S. and Nielsen, M. and Ferreira, E. and Dosch, H. G.},
  journal = {Phys. Rev. D},
  volume = {60},
  issue = {3},
  pages = {034009},
  numpages = {17},
  year = {1999},
  month = {Jun},
  publisher = {American Physical Society},
  doi = {10.1103/PhysRevD.60.034009},
  url = {https://link.aps.org/doi/10.1103/PhysRevD.60.034009}
}

@article{Lattice_QCD,
  title = {${\mathrm{\ensuremath{\Lambda}}}_{c}\ensuremath{\rightarrow}\mathrm{\ensuremath{\Lambda}}{l}^{+}{\ensuremath{\nu}}_{l}$},
  author = {Meinel, Stefan},
  journal = {Phys. Rev. Lett.},
  volume = {118},
  issue = {8},
  pages = {082001},
  numpages = {6},
  year = {2017},
  month = {Feb},
  publisher = {American Physical Society},
  doi = {10.1103/PhysRevLett.118.082001},
  url = {https://link.aps.org/doi/10.1103/PhysRevLett.118.082001}
}

@article{form_factor_conversion,
  title = {Semileptonic decays of ${\mathrm{\ensuremath{\Lambda}}}_{b}$ baryons in the relativistic quark model},
  author = {Faustov, R. N. and Galkin, V. O.},
  journal = {Phys. Rev. D},
  volume = {94},
  issue = {7},
  pages = {073008},
  numpages = {17},
  year = {2016},
  month = {Oct},
  publisher = {American Physical Society},
  doi = {10.1103/PhysRevD.94.073008},
  url = {https://link.aps.org/doi/10.1103/PhysRevD.94.073008}
}

@article{sherpa,
      author         = "Gleisberg, T. and Hoeche, Stefan. and Krauss, F. and
                        Schonherr, M. and Schumann, S. and Siegert, F. and Winter,
                        J.",
      title          = "{Event generation with SHERPA 1.1}",
      journal        = "JHEP",
      volume         = "02",
      year           = "2009",
      pages          = "007",
      doi            = "10.1088/1126-6708/2009/02/007",
      eprint         = "0811.4622",
      archivePrefix  = "arXiv",
      primaryClass   = "hep-ph",
      reportNumber   = "FERMILAB-PUB-08-477-T, SLAC-PUB-13420, ZU-TH-17-08,
                        DCPT-08-138, IPPP-08-69, EDINBURGH-2008-30, MCNET-08-14",
      SLACcitation   = "%%CITATION = ARXIV:0811.4622;%%"
}
